 
% Van Hove Singularities
@Article{vanHove:PR:1953,
  author = 	 {{Van Hove}, J.},
  title = 	 {},
  journal = 	 {Phys. Rev.},
  year = 	 1953,
  volume =	 89,
  number =       6,
  pages =	 1189
}

% Linear Tetrahedron Interpolative
@Article{lehmann:PSS:1972,
  author = 	 {Lehmann, G. and Taut, M.},
  journal = 	 {Phys. Stat. Sol. (b)},
  year = 	 1972,
  volume =	 54,
  pages =	 469
}

% Quadratic Interpolative %%%%%%%%%%%%%%%%%%%%%%%%%%%%%%
@Article{boon:JPC:1986,
  author = 	 {Boon, M. and Methfessel, M. and Mueller, F.},
  title = 	 {},
  journal = 	 {J. Phys. C},
  year = 	 1986,
  volume =	 19,
  pages =	 5337
}

@Article{methfessel:JPC:1983,
  author = 	 {Methfessel, M. and Boon, M. and Mueller, F.},
  title = 	 {},
  journal = 	 {J. Phys. C},
  year = 	 1983,
  volume =	 16,
  pages =	 1949
}

@Article{methfessel:JPC:1987,
  author = 	 {Methfessel, M. and Boon, M. and Mueller, F.},
  title = 	 {},
  journal = 	 {J. Phys. C},
  year = 	 1987,
  volume =	 20,
  pages =	 1069
}

%%%%%%%%%%%%%%%%%%%%%%%%%%%%%%%%%%%%%%%%%%%%%%%%%%%%%%%%%%

% Linear Extrapolative
@Article{muller:PRB:1984,
  author = 	 {J.~E. M\"uller and J.~W. Wilkins},
  title = 	 {},
  journal = 	 {Phys. Rev. B},
  year = 	 1984,
  volume =	 8,
  pages =	 4331
}

% Quadratic Extrapolative
@Article{pickard:PRB:1999,
  author = 	 {Pickard, C. J. and Payne, M. C.},
  journal =      {Phys. Rev. B},
  volume =       59,
  number =       7,
  pages =         4685,
  year =	 1999
}

% 2nd O k.p.
@Article{pickard:PRB:2000,
  author = 	 {Pickard, C. J. and Payne, M. C.},
  journal =      {Phys. Rev. B},
  volume =       62,
  number =       7,
  pages =         4383,
  year =	 2000
}

% Adaptive smearing
@Article{yates:PRB:2007,
  author = 	 {Yates, J. R. and Wang, X. and Vanderbilt, D. and Souza I.},
  journal =      {Phys. Rev. B},
  volume =       75,
  pages =         195121,
  year =	 2007
}

% Population Analysis (For PDOS)
@Article{segall:MP:1996,
  author = 	 {Segall, M. D. and Pickard, C. J. and Shah, R. and Payne, M. C. },
  journal =      {Mol. Phys.},
  volume =       89,
  number =       2,
  pages =         571,
  year =	 1996
}


% MP Grid
@Article{monkhorst:PRB:1976,
  author = 	 {H.J. Monkhorst and J.D. Pack},
  journal = 	 {Phys. Rev. B},
  year = 	 1976,
  volume =	 13,
  pages =	 5188
}

% Mulit-B integration
@Article{morris:PRB:2008,
  author = 	 {Morris, A.~J. and Pickard, C.~J. and Needs, R.~J.},
  journal = 	 {Phys. Rev. B},
  year = 	 2008,
  volume =	 78,
  pages =	 184102
}

@Article{rajagopal:PRL:1994,
  author = 	 {Rajagopal, G. and Needs, R.~J. and Kenny, S. and Foulkes, W.~M.~C. and James, A.},
  journal = 	 {Phys. Rev. Lett.},
  year = 	 1994,
  volume =	 73,
  pages =	 1959
}


@Article{blochl:PRB:1994,
  author = 	 {P. E. Bl\"ochl and O. Jepsen and O. K. Andersen},
  title = 	 {},
  journal = 	 {Phys. Rev. B},
  year = 	 1994,
  volume =	 49,
  number =	 23,
  pages =	 {16223}
}

@Article{morris:prb:2013,
  author = {A.~J. Morris and R.~J. Needs and E. Salger and C.~P. Grey and C.~J. Pickard},
  journal = {Phys. Rev. B},
  year = 2013,
  volume = {87},
  pages = {174108}
}

@Article{yazyev:PRB:2002,
  author = {Oleg V. Yazyev and Konstantin N. Kudin and Gustavo E. Scuseria},
  journal = {Phys. Rev. B},
  year = 2002,
  volume = {65},
  pages = {205117}
}

@Misc{refson:o2b,
  author = 	 {K. Refson},
  title = 	 {\texttt{orbitals2bands} program},
  OPThowpublished = {},
  OPTmonth = 	 {},
  OPTyear = 	 {},
  note = 	 {see www.castep.org},
  OPTannote = 	 {}
}

@Article{nicholls,
  author = 	 {R.J. Nicholls and A.T. Murdock and J. Tsang and J. Britton and T.J. Pennycook and A. Koos and P.D. Nellist and N. Grobert and J.R. Yates},
  journal = 	 {ACS Nano},
  year = 	 2013,
  volume =	 7,
  pages =	 7145
}

@Book{dressel,
  author =	 {M. Dressel and G. Gr{\"u}ner},
  title = 	 {Electrodynamics of Solids},
  publisher = 	 {C.U.P.},
  year = 	 2002
}

@Book{egerton,
  author =	 {R.F. Egerton},
  title = 	 {Electron Energy-Loss Spectoscopy in the Electron Microscope},
  publisher = 	 {Plenum Press},
  year = 	 1996
}

@Article{draxl,
  author = 	 {C. Ambrosch-Draxl and J.O. Sofo},
  journal = 	 {Comput. Phys. Commun.},
  year = 	 2006,
  volume =	 175,
  pages =	 1
}

% E. W. Tait, L. E. Ratcliff, M. C. Payne, P. D. Haynes and N. D. M. Hine, J. Phys: Condens Matter, (2016).
@Article{tait:JPCM:2016,
  author = 	 {E. W. Tait and L. E. Ratcliff and M. C. Payne and P. D. Haynes and N. D. M. Hine},
  journal = 	 {J. Phys: Condens Matter},
  year = 	 2016,
  volume =	 in,
  pages =	 press
}


%%%%%%%%% All the ones above here I know are necessary. AJM




